
@misc{wikipedia,
  author = {{Wikipedia contributors}},
  title = {Loaded march},
  year = {2024},
  howpublished = {\url{https://en.wikipedia.org/wiki/Loaded_march}},
  note = {Accessed: 2024-07-19}
}

@misc{huberman2022optimizing,
  author = {Andrew Huberman},
  title = {Optimizing Workspace for Productivity, Focus, \& Creativity},
  year = {2022},
  howpublished = {\url{https://www.hubermanlab.com/episode/optimizing-workspace-for-productivity-focus-and-creativity}},
  note = {Accessed: 2024-07-19}
}

@article{auer2002using,
  title={Using confidence bounds for exploitation-exploration trade-offs},
  author={Auer, Peter},
  journal={Journal of Machine Learning Research},
  volume={3},
  number={Nov},
  pages={397--422},
  year={2002}
}

@article{dijksterhuis2006theory,
  title={A theory of unconscious thought},
  author={Dijksterhuis, Ap and Nordgren, Loran F},
  journal={Perspectives on Psychological science},
  volume={1},
  number={2},
  pages={95--109},
  year={2006},
  publisher={SAGE Publications Sage CA: Los Angeles, CA}
}

@misc{galpin_strengthen_2024,
  author = {Galpin, Andy},
  title = {How \& Why to Strengthen Your Heart \& Cardiovascular Fitness | Perform with Dr. Andy Galpin},
  year = {2024},
  url = {https://youtu.be/A8HbppXMDWY?si=8qyLwnxUQAbMJGwQ&t=6437},
  note = {YouTube Video}
}


@article{huizenga2012four,
  title={Four empirical tests of unconscious thought theory},
  author={Huizenga, Hilde M and Wetzels, Ruud and van Ravenzwaaij, Don and Wagenmakers, Eric-Jan},
  journal={Organizational Behavior and Human Decision Processes},
  volume={117},
  number={2},
  pages={332--340},
  year={2012},
  publisher={Elsevier}
}

@article{kihlstrom2013unconscious,
  title={Unconscious processes},
  author={Kihlstrom, John F},
  journal={The Oxford handbook of cognitive psychology},
  pages={176--186},
  year={2013},
  publisher={Oxford University Press New York}
}

@article{ritter2014creativity,
  title={Creativity—the unconscious foundations of the incubation period},
  author={Ritter, Simone M and Dijksterhuis, Ap},
  journal={Frontiers in human neuroscience},
  volume={8},
  pages={73722},
  year={2014},
  publisher={Frontiers}
}

@article{shailendra2022resistance,
  title={Resistance training and mortality risk: a systematic review and meta-analysis},
  author={Shailendra, Prathiyankara and Baldock, Katherine L and Li, LS Katrina and Bennie, Jason A and Boyle, Terry},
  journal={American journal of preventive medicine},
  volume={63},
  number={2},
  pages={277--285},
  year={2022},
  publisher={Elsevier}
}
@article{chow2021central,
  title={The central mechanisms of resistance training and its effects on cognitive function},
  author={Chow, Zi-Siong and Moreland, Ashleigh T and Macpherson, Helen and Teo, Wei-Peng},
  journal={Sports Medicine},
  volume={51},
  number={12},
  pages={2483--2506},
  year={2021},
  publisher={Springer}
}

@misc{attia2024exercise,
  author = {Peter Attia},
  title = {307 Exercise for aging people: where to begin, and how to minimize risk while maximizing potential},
  year = {2024},
  howpublished = {\url{https://peterattiamd.com/exerciseforagingpeople/}},
  note = {Accessed: 2024-07-19}
}

@misc{huberman2023fitness,
  author = {Andrew Huberman},
  title = {Science-Supported Tools to Accelerate Your Fitness Goals},
  year = {2023},
  howpublished = {\url{https://www.hubermanlab.com/episode/science-supported-tools-to-accelerate-your-fitness-goals?timestamp=1991}},
  note = {Accessed: 2024-07-19}
}

@misc{huberman2023foundational,
  author = {{Huberman Lab Podcast}},
  title = {Foundational Fitness Protocol},
  year = {2023},
  howpublished = {\url{https://cdn.prod.website-files.com/64416928859cbdd1716d79ce/650e450994ef9ab775e16acf_Neural_Network_Newsletter_Foundational_Fitness_Protocol.pdf}},
  note = {Accessed: 2024-07-19}
}


@article{rippetoe2017starting,
  title={Starting strength},
  author={Rippetoe, Mark and Kilgore, Lon},
  journal={The Aasgaard Company},
  year={2017}
}

@article{wendler20115,
  title={5/3/1 for powerlifting: Simple and effective training for maximal strength},
  author={Wendler, Jim},
  journal={Jim Wendler LLC, Ohio},
  year={2011}
}
@misc{bugera2023cube,
  author = {Eric Bugera},
  title = {Brandon Lilly’s Cube Method, Explained and Unpacked},
  year = {2023},
  howpublished = {\url{https://barbend.com/brandon-lilly-cube-method-program/}},
  note = {Accessed: 2024-07-19}
}

@misc{norton2024phat,
  author = {Layne Norton},
  title = {Download Layne Norton's Free PHAT Training Program},
  year = {2024},
  howpublished = {\url{https://biolayne.com/phat/}},
  note = {Accessed: 2024-07-19}
}

@misc{huberman2023galpin,
  author = {Andrew Huberman and Andy Galpin},
  title = {Dr. Andy Galpin: How to Assess \& Improve All Aspects of Your Fitness},
  year = {2023},
  howpublished = {\url{https://www.hubermanlab.com/episode/dr-andy-galpin-how-to-assess-improve-all-aspects-of-your-fitness}},
  note = {Accessed: 2024-07-19}
}

@misc{attia2022joyner,
  author = {Peter Attia and Mike Joyner},
  title = {217 Exercise, VO2 max, and longevity},
  year = {2022},
  howpublished = {\url{https://peterattiamd.com/mikejoyner/}},
  note = {Accessed: 2024-07-19}
}

@misc{attia2023centenarian,
  author = {Peter Attia},
  title = {261 Training for The Centenarian Decathlon: zone 2, VO2 max, stability, and strength},
  year = {2023},
  howpublished = {\url{https://peterattiamd.com/training-for-the-centenarian-decathlon/}},
  note = {Accessed: 2024-07-19}
}

@misc{understandmyself2024,
  author = {Understand Myself},
  title = {Understand Myself},
  year = {2024},
  howpublished = {\url{https://www.understandmyself.com}},
  note = {Accessed: 2024-07-19}
}

@article{feher2021looking,
  title={Looking beyond the Big Five: A selective review of alternatives to the Big Five model of personality},
  author={Feher, Anita and Vernon, Philip A},
  journal={Personality and Individual Differences},
  volume={169},
  pages={110002},
  year={2021},
  publisher={Elsevier}
}

@article{judge2000five,
  title={Five-factor model of personality and transformational leadership.},
  author={Judge, Timothy A and Bono, Joyce E},
  journal={Journal of applied psychology},
  volume={85},
  number={5},
  pages={751},
  year={2000},
  publisher={American Psychological Association}
}

@article{o2019big,
  title={Big Five personality domains and relationship satisfaction: Direct effects and correlated change over time},
  author={O’Meara, Madison S and South, Susan C},
  journal={Journal of personality},
  volume={87},
  number={6},
  pages={1206--1220},
  year={2019},
  publisher={Wiley Online Library}
}

@misc{selfauthoring,
  title = {Self Authoring Suite},
  howpublished = {\url{https://www.selfauthoring.com}},
  note = {Accessed: 2024-07-24}
}

@article{morisano2010setting,
  title={Setting, elaborating, and reflecting on personal goals improves academic performance.},
  author={Morisano, Dominique and Hirsh, Jacob B and Peterson, Jordan B and Pihl, Robert O and Shore, Bruce M},
  journal={Journal of applied psychology},
  volume={95},
  number={2},
  pages={255},
  year={2010},
  publisher={American Psychological Association}
}

@article{boden1996evidence,
  title={Evidence for a circadian rhythm of insulin sensitivity in patients with NIDDM caused by cyclic changes in hepatic glucose production},
  author={Boden, Guenther and Chen, Xinhua and Urbain, Jean Luc},
  journal={Diabetes},
  volume={45},
  number={8},
  pages={1044--1050},
  year={1996},
  publisher={Am Diabetes Assoc}
}

@article{dijk1992circadian,
  title={Circadian and sleep/wake dependent aspects of subjective alertness and cognitive performance},
  author={DIJK, DERK-JAN and Duffy, Jeanne F and Czeisler, Charles A},
  journal={Journal of sleep research},
  volume={1},
  number={2},
  pages={112--117},
  year={1992},
  publisher={Wiley Online Library}
}

@misc{graham_essays,
  author = {Paul Graham},
  title = {Essays},
  howpublished = {\url{http://www.paulgraham.com/articles.html}},
  note = {Accessed: 2024-07-24}
}


@article{tang2015neuroscience,
  title={The neuroscience of mindfulness meditation},
  author={Tang, Yi-Yuan and H{\"o}lzel, Britta K and Posner, Michael I},
  journal={Nature reviews neuroscience},
  volume={16},
  number={4},
  pages={213--225},
  year={2015},
  publisher={Nature Publishing Group UK London}
}

@misc{ferriss2018,
  author = {Ferriss, Tim},
  title = {The Tim Ferriss Show Transcripts- Meditation, Mindset, and Mastery (201)},
  year = {2018},
  howpublished = {\url{https://tim.blog/2018/06/20/the-tim-ferriss-show-transcripts-meditation-mindset-and-mastery/}},
  note = {Accessed: 2024-07-24}
}

@article{analayo2019meditation,
  title={Meditation on the breath: mindfulness and focused attention},
  author={Anlayo, Bhikkhu},
  journal={Mindfulness},
  volume={10},
  number={8},
  pages={1684--1691},
  year={2019},
  publisher={Springer}
}
@misc{tenpercenthappier,
  author = {Ten Percent Happier},
  title = {Ten Percent Happier: Meditation and Mindfulness to Find Happiness},
  year = {2024},
  howpublished = {\url{https://www.tenpercent.com}},
  note = {Accessed: 2024-07-24}
}

@misc{headspace,
  author = {Headspace},
  title = {Headspace: Meditation and Sleep Made Simple},
  year = {2024},
  howpublished = {\url{https://www.headspace.com}},
  note = {Accessed: 2024-07-24}
}

@misc{wakingup,
  author = {Waking Up},
  title = {Waking Up: A New Operating System for Your Mind},
  year = {2024},
  howpublished = {\url{https://www.wakingup.com}},
  note = {Accessed: 2024-07-24}
}

@book{weinberg2004world,
  title={The world of caffeine: the science and culture of the world's most popular drug},
  author={Weinberg, Bennett Alan and Bealer, Bonnie K},
  year={2004},
  publisher={Routledge}
}

@article{jimenez2021caffeinated,
  title={Caffeinated drinks and physical performance in sport: a systematic review},
  author={Jim{\'e}nez, Sergio L and D{\'\i}az-Lara, Javier and Pareja-Galeano, Helios and Del Coso, Juan},
  journal={Nutrients},
  volume={13},
  number={9},
  pages={2944},
  year={2021},
  publisher={MDPI}
}

@misc{hubermancaffeine,
  author = {Huberman, Andrew},
  title = {Using Caffeine to Optimize Mental \& Physical Performance | Huberman Lab Podcast 101},
  year = {2024},
  howpublished = {\url{https://www.youtube.com/watch?v=iw97uvIge7c}},
  note = {Accessed: 2024-07-24}
}
@article{jarvis1993does,
  title={Does caffeine intake enhance absolute levels of cognitive performance?},
  author={Jarvis, Martin J},
  journal={Psychopharmacology},
  volume={110},
  pages={45--52},
  year={1993},
  publisher={Springer}
}

@article{blume2019effects,
  title={Effects of light on human circadian rhythms, sleep and mood},
  author={Blume, Christine and Garbazza, Corrado and Spitschan, Manuel},
  journal={Somnologie},
  volume={23},
  number={3},
  pages={147},
  year={2019},
  publisher={Springer}
}

@article{vsramek2000human,
  title={Human physiological responses to immersion into water of different temperatures},
  author={{\v{S}}r{\'a}mek, Petr and {\v{S}}ime{\v{c}}kov{\'a}, M and Jansk{\`y}, Ladislav and {\v{S}}avl{\'\i}kov{\'a}, J and Vyb{\'\i}ral, Stanislav},
  journal={European journal of applied physiology},
  volume={81},
  pages={436--442},
  year={2000},
  publisher={Springer}
}

@article{plotkin2022progressive,
  title={Progressive overload without progressing load? The effects of load or repetition progression on muscular adaptations},
  author={Plotkin, Daniel and Coleman, Max and Van Every, Derrick and Maldonado, Jaime and Oberlin, Douglas and Israetel, Michael and Feather, Jared and Alto, Andrew and Vigotsky, Andrew D and Schoenfeld, Brad J},
  journal={PeerJ},
  volume={10},
  pages={e14142},
  year={2022},
  publisher={PeerJ Inc.}
}

@misc{calm,
  author = {Calm},
  title = {Calm: The \#1 App for Meditation and Sleep},
  year = {2024},
  howpublished = {\url{https://www.calm.com}},
  note = {Accessed: 2024-07-24}
}

@article{schippers2015scalable,
  title={A scalable goal-setting intervention closes both the gender and ethnic minority achievement gap},
  author={Schippers, Micha{\'e}la C and Scheepers, Ad WA and Peterson, Jordan B},
  journal={Palgrave Communications},
  volume={1},
  number={1},
  pages={1--12},
  year={2015},
  publisher={Palgrave}
}


@book{deutsch2011beginning,
  title={The beginning of infinity: Explanations that transform the world},
  author={Deutsch, David},
  year={2011},
  publisher={penguin uK}
}

@misc{attia2022vo2max,
  author = {Peter Attia},
  title = {How does VO2 max correlate with longevity?},
  year = {2022},
  howpublished = {\url{https://peterattiamd.com/how-does-vo2-max-correlate-with-longevity/}},
  note = {Accessed: 2024-07-19}
}

@misc{attia2022zone5,
  author = {Peter Attia},
  title = {How to incorporate high-intensity training (Zone 5) to increase VO2 max and optimize fitness},
  year = {2022},
  howpublished = {\url{https://peterattiamd.com/high-intensity-training-zone-5-to-increase-vo2-max/}},
  note = {Accessed: 2024-07-19}
}

@article{rae2017one,
  title={One night of partial sleep deprivation impairs recovery from a single exercise training session},
  author={Rae, Dale E and Chin, Tayla and Dikgomo, Kagiso and Hill, Lee and McKune, Andrew J and Kohn, Tertius A and Roden, Laura C},
  journal={European journal of applied physiology},
  volume={117},
  pages={699--712},
  year={2017},
  publisher={Springer}
}

@misc{huberman2022heat,
  author = {Andrew Huberman},
  title = {The Science \& Health Benefits of Deliberate Heat Exposure},
  year = {2022},
  howpublished = {\url{https://www.hubermanlab.com/episode/the-science-and-health-benefits-of-deliberate-heat-exposure}},
  note = {Accessed: 2024-07-19}
}

@misc{huberman2022cold,
  author = {Andrew Huberman},
  title = {Using Deliberate Cold Exposure for Health and Performance},
  year = {2022},
  howpublished = {\url{https://www.hubermanlab.com/episode/using-deliberate-cold-exposure-for-health-and-performance}},
  note = {Accessed: 2024-07-19}
}

@misc{attia2022fourhorsemen,
  author = {Peter Attia},
  title = {Peter on the four horsemen of chronic disease},
  year = {2022},
  howpublished = {\url{https://peterattiamd.com/peter-on-the-four-horsemen-of-chronic-disease/}},
  note = {Accessed: 2024-07-19}
}

@misc{attia2024special,
  author = {Peter Attia},
  title = {300  Special episode: Peter on exercise, fasting, nutrition, stem cells, geroprotective drugs, and more},
  year = {2024},
  howpublished = {\url{https://peterattiamd.com/ep-300-exercise-nutrition-fasting-more/}},
  note = {Accessed: 2024-07-19}
}

@article{antoni2017effects,
  title={Effects of intermittent fasting on glucose and lipid metabolism},
  author={Antoni, Rona and Johnston, Kelly L and Collins, Adam L and Robertson, M Denise},
  journal={Proceedings of the Nutrition Society},
  volume={76},
  number={3},
  pages={361--368},
  year={2017},
  publisher={Cambridge University Press}
}

@article{pellegrini2020effects,
  title={Effects of time-restricted feeding on body weight and metabolism. A systematic review and meta-analysis},
  author={Pellegrini, Marianna and Cioffi, Iolanda and Evangelista, Andrea and Ponzo, Valentina and Goitre, Ilaria and Ciccone, Giovannino and Ghigo, Ezio and Bo, Simona},
  journal={Reviews in endocrine and metabolic disorders},
  volume={21},
  pages={17--33},
  year={2020},
  publisher={Springer}
}


@misc{baker2016,
  author = {Baker, Peter},
  title = {Three Important Metrics for Progressive Overload},
  year = {2016},
  howpublished = {\url{https://biolayne.com/articles/training/three-important-metrics-progressive-overload/}},
  note = {Accessed: 2024-07-24}
}

@misc{attia2012,
  author = {Attia, Peter},
  title = {The Straight Dope on Cholesterol – Part I},
  year = {2012},
  howpublished = {\url{https://peterattiamd.com/the-straight-dope-on-cholesterol-part-i/}},
  note = {Accessed: 2024-07-24}
}

@article{sniderman2002and,
  title={How, when, and why to use apolipoprotein B in clinical practice},
  author={Sniderman, Allan D},
  journal={The American journal of cardiology},
  volume={90},
  number={8},
  pages={48--54},
  year={2002},
  publisher={Elsevier}
}

@article{furtado2008effect,
  title={Effect of protein, unsaturated fat, and carbohydrate intakes on plasma apolipoprotein B and VLDL and LDL containing apolipoprotein C-III: results from the OmniHeart Trial},
  author={Furtado, Jeremy D and Campos, Hannia and Appel, Lawrence J and Miller, Edgar R and Laranjo, Nancy and Carey, Vincent J and Sacks, Frank M},
  journal={The American journal of clinical nutrition},
  volume={87},
  number={6},
  pages={1623--1630},
  year={2008},
  publisher={Elsevier}
}

@misc{Attia_2024,
  author = {Peter Attia},
  title = {How to lower your apoB},
  year = {2024},
  url = {https://www.youtube.com/watch?v=wVg9rc69UMs},
  note = {Accessed: 2024-07-24}
}

@article{pinckaers2024post,
  title={Post-prandial muscle protein synthesis rates following the ingestion of pea-derived protein do not differ from ingesting an equivalent amount of milk-derived protein in healthy, young males},
  author={Pinckaers, Philippe JM and Smeets, Joey SJ and Kouw, Imre WK and Goessens, Joy PB and Gijsen, Annemarie PB and de Groot, Lisette CPGM and Verdijk, Lex B and van Loon, Luc JC and Snijders, Tim},
  journal={European Journal of Nutrition},
  volume={63},
  number={3},
  pages={893--904},
  year={2024},
  publisher={Springer}
}

@article{pinckaers2024muscle,
  title={The muscle protein synthetic response following corn protein ingestion does not differ from milk protein in healthy, young adults},
  author={Pinckaers, Philippe JM and Weijzen, Michelle EG and Houben, Lisanne HP and Zorenc, Antoine H and Kouw, Imre WK and de Groot, Lisette CPGM and Verdijk, Lex B and Snijders, Tim and van Loon, Luc JC},
  journal={Amino acids},
  volume={56},
  number={1},
  pages={8},
  year={2024},
  publisher={Springer}
}

@article{pinckaers2023higher,
  title={Higher muscle protein synthesis rates following ingestion of an omnivorous meal compared with an isocaloric and isonitrogenous vegan meal in healthy, older adults},
  author={Pinckaers, Philippe JM and Domi{\'c}, Jacintha and Petrick, Heather L and Holwerda, Andrew M and Trommelen, Jorn and Hendriks, Floris K and Houben, Lisanne HP and Goessens, Joy PB and van Kranenburg, Janneau MX and Senden, Joan M and others},
  journal={The Journal of nutrition},
  year={2023},
  publisher={Elsevier}
}

@article{gorissen2018protein,
  title={Protein content and amino acid composition of commercially available plant-based protein isolates},
  author={Gorissen, Stefan HM and Crombag, Julie JR and Senden, Joan MG and Waterval, WA Huub and Bierau, J{\"o}rgen and Verdijk, Lex B and van Loon, Luc JC},
  journal={Amino acids},
  volume={50},
  pages={1685--1695},
  year={2018},
  publisher={Springer}
}

@article{shaghaghian2022digestibility,
  title={Digestibility and bioavailability of plant-based proteins intended for use in meat analogues: A review},
  author={Shaghaghian, Samaneh and McClements, David Julian and Khalesi, Mohammadreza and Garcia-Vaquero, Marco and Mirzapour-Kouhdasht, Armin},
  journal={Trends in Food Science \& Technology},
  volume={129},
  pages={646--656},
  year={2022},
  publisher={Elsevier}
}

@misc{M3_Research_Publications,
  author = {{M3 Research Group}},
  title = {Publications},
  year = {2024},
  url = {https://www.m3-research.nl/publications/},
  note = {Accessed: 2024-07-24}
}

@misc{youtube_muscle_protein,
  author = {Peter Attia},
  title = {Optimizing muscle protein synthesis: protein quality, meal frequency, and distribution},
  year = {2023},
  url = {https://www.youtube.com/watch?v=AVOKWvYJM-c&t=177s},
  note = {Accessed: 2024-07-24}
}

@article{rawson2003effects,
  title={Effects of creatine supplementation and resistance training on muscle strength and weightlifting performance},
  author={Rawson, Eric S and Volek, Jeff S},
  journal={The Journal of Strength \& Conditioning Research},
  volume={17},
  number={4},
  pages={822--831},
  year={2003},
  publisher={LWW}
}

@article{avgerinos2018effects,
  title={Effects of creatine supplementation on cognitive function of healthy individuals: A systematic review of randomized controlled trials},
  author={Avgerinos, Konstantinos I and Spyrou, Nikolaos and Bougioukas, Konstantinos I and Kapogiannis, Dimitrios},
  journal={Experimental gerontology},
  volume={108},
  pages={166--173},
  year={2018},
  publisher={Elsevier}
}

@article{vink2016magnesium,
  title={Magnesium in the CNS: recent advances and developments},
  author={Vink, Robert},
  journal={Magnesium Research},
  volume={29},
  number={3},
  pages={95--101},
  year={2016}
}

@article{ates2019dose,
  title={Dose-dependent absorption profile of different magnesium compounds},
  author={Ates, Mehmet and Kizildag, Servet and Yuksel, Oguz and Hosgorler, Ferda and Yuce, Zeynep and Guvendi, Guven and Kandis, Sevim and Karakilic, Asl{\i} and Koc, Basar and Uysal, Nazan},
  journal={Biological trace element research},
  volume={192},
  pages={244--251},
  year={2019},
  publisher={Springer}
}

@article{dinicolantonio2020importance,
  title={The importance of marine omega-3s for brain development and the prevention and treatment of behavior, mood, and other brain disorders},
  author={DiNicolantonio, James J and O’Keefe, James H},
  journal={Nutrients},
  volume={12},
  number={8},
  pages={2333},
  year={2020},
  publisher={Multidisciplinary Digital Publishing Institute}
}

@misc{youtube_omega3,
  author = {Rhonda Patrick},
  title = {Rhonda Patrick Goes in Depth on the Benefits of Omega-3s},
  year = {2023},
  url = {https://www.youtube.com/watch?v=CVI8oKmFSnw},
  note = {Accessed: 2024-07-24}
}

@misc{youtube_deep_work,
  author = {Unknown},
  title = {Core Idea: Deep Work},
  year = {2024},
  url = {https://www.youtube.com/watch?v=xJYlhhT7hyE},
  note = {Accessed: 2024-07-24}
}

@misc{four_hour_body,
  author = {Tim Ferriss},
  title = {The 4-Hour Body: An Uncommon Guide to Rapid Fat-Loss, Incredible Sex, and Becoming Superhuman},
  year = {2024},
  url = {https://fourhourbody.com},
  note = {Accessed: 2024-07-24}
}

@misc{youtube_huberman_focused_work,
  author = {Andrew Huberman},
  title = {The Ideal Length of Time for Focused Work | Dr. Andrew Huberman},
  year = {2023},
  url = {https://www.youtube.com/watch?v=5HINgMMTzPE},
  note = {Accessed: 2024-07-24}
}

@misc{forest_app,
  author = {Seekrtech},
  title = {Forest: Stay focused, be present},
  year = {2024},
  url = {https://www.forestapp.cc},
  note = {Accessed: 2024-07-24}
}

@misc{pzizz,
  author = {Pzizz Ltd.},
  title = {Pzizz: Sleep at the push of a button},
  year = {2024},
  url = {https://pzizz.com},
  note = {Accessed: 2024-07-24}
}

@misc{youtube_nsdr_huberman,
  author = {Andrew Huberman},
  title = {NSDR (Non-Sleep Deep Rest) with Dr. Andrew Huberman},
  year = {2023},
  url = {https://www.youtube.com/watch?v=AKGrmY8OSHM},
  note = {Accessed: 2024-07-24}
}

@misc{youtube_box_breathing_rockwood,
  author = {Lucas Rockwood},
  title = {10-min Box Breathing Pranayama Practice},
  year = {2023},
  url = {https://www.youtube.com/watch?v=5jdM1D6DlEo},
  note = {Accessed: 2024-07-24}
}

@misc{huberman_walker_2024,
  author = {Andrew Huberman and Matthew Walker},
  title = {Guest Series: Dr. Matthew Walker - The Biology of Sleep \& Your Unique Sleep Needs},
  year = {2024},
  url = {https://www.hubermanlab.com/episode/guest-series-dr-matthew-walker-the-biology-of-sleep-your-unique-sleep-needs},
  note = {Accessed: 2024-07-24}
}

@book{walker2017we,
  title={Why we sleep: Unlocking the power of sleep and dreams},
  author={Walker, Matthew},
  year={2017},
  publisher={Simon and Schuster}
}

@misc{youtube_sleep_walker,
  author = {Matthew Walker},
  title = {Dr. Matt Walker: Protocols to Improve Your Sleep},
  year = {2023},
  url = {https://youtu.be/hvPGfcAgk9Y?si=SK1pX_kqMbGo50Jv&t=1141},
  note = {Accessed: 2024-07-24}
}

@misc{huberman_toolkit_for_sleep,
  author = {Andrew Huberman},
  title = {Toolkit for Sleep},
  year = {2021},
  url = {https://www.hubermanlab.com/newsletter/toolkit-for-sleep},
  note = {Accessed: 2024-07-24}
}

@misc{youtube_supplementation_health,
  author = {Andrew Huberman},
  title = {Developing a Rational Approach to Supplementation for Health and Performance},
  year = {2023},
  url = {https://youtu.be/tLS6t3FVOTI?si=jHYOOVPxamZEb0H_&t=2628},
  note = {Accessed: 2024-07-24}
}

@misc{huberman_alcohol_body_brain,
  author = {Andrew Huberman},
  title = {What Alcohol Does to Your Body, Brain \& Health},
  year = {2022},
  url = {https://www.hubermanlab.com/episode/what-alcohol-does-to-your-body-brain-health},
  note = {Accessed: 2024-07-24}
}

@article{rezvani2001cognitive,
  title={Cognitive effects of nicotine},
  author={Rezvani, Amir H and Levin, Edward D},
  journal={Biological psychiatry},
  volume={49},
  number={3},
  pages={258--267},
  year={2001},
  publisher={Elsevier}
}
@misc{youtube_nicotine_huberman,
  author = {Andrew Huberman},
  title = {How Nicotine Impacts Your Brain \& Enhances Focus | Dr. Andrew Huberman},
  year = {2024},
  url = {https://www.youtube.com/watch?v=7XiiNKjZ9rg},
  note = {Accessed: 2024-07-24}
}

@misc{trello,
  author = {Trello},
  title = {Manage Your Team’s Projects From Anywhere},
  year = {2024},
  url = {https://trello.com},
  note = {Accessed: 2024-07-24}
}

@misc{how_to_do_cbt,
  author = {Greg Lukianoff and Jonathan Haidt},
  title = {Appendix 1: How to Do CBT},
  year = {2024},
  url = {https://www.thecoddling.com/how-to-do-cbt},
  note = {Accessed: 2024-07-24}
}


